@misc{nakamoto_2008, title={Bitcoin: A Peer-to-Peer Electronic Cash System}, url={https://bitcoin.org/bitcoin.pdf}, author={Nakamoto, Satoshi}, year={2008}, month={Oct}}
